<?xml version="1.0" encoding="UTF-8"?>
<collection xmlns:xsi="http://www.w3.org/2001/XMLSchema-instance" xsi:schemaLocation="http://www.loc.gov/MARC21/slim http://www.loc.gov/standards/marcxml/schema/MARC21slim.xsd" xmlns="http://www.loc.gov/MARC21/slim">
<record>
  <leader>01084cam a2200265La 4500</leader>
  <controlfield tag="001">2959252</controlfield>
  <controlfield tag="003">NNC</controlfield>
  <controlfield tag="005">20130426002824.0</controlfield>
  <controlfield tag="008">861106s1968    iq            001 0 arao </controlfield>
  <datafield tag="010" ind1=" " ind2=" ">
    <subfield code="a">   79960064 </subfield>
  </datafield>
  <datafield tag="035" ind1=" " ind2=" ">
    <subfield code="a">(OCoLC)ocm15269928</subfield>
  </datafield>
  <datafield tag="035" ind1=" " ind2=" ">
    <subfield code="9">ASK4384CU</subfield>
  </datafield>
  <datafield tag="035" ind1=" " ind2=" ">
    <subfield code="a">(NNC)2959252</subfield>
  </datafield>
  <datafield tag="040" ind1=" " ind2=" ">
    <subfield code="a">DLC</subfield>
    <subfield code="c">CGU</subfield>
    <subfield code="d">ZCU</subfield>
  </datafield>
  <datafield tag="050" ind1="0" ind2=" ">
    <subfield code="a">BP191</subfield>
    <subfield code="b">.M3 1968</subfield>
  </datafield>
  <datafield tag="100" ind1="1" ind2=" ">
    <subfield code="a">Malaṭī, Muḥammad ibn Aḥmad,</subfield>
    <subfield code="d">-987 or 988.</subfield>
  </datafield>
  <datafield tag="245" ind1="1" ind2="3">
    <subfield code="a">al-Tanbīh wa-al-radd ʻalá ahl al-ahwāʾ wa-al-bidaʻ /</subfield>
    <subfield code="c">Abū al-Ḥusayn Muḥammad ibn Aḥmad ibn ʻAbd al-Raḥman al-Malaṭī al-Shāfiʻī ; qaddama lahu wa-ʻallaqa ʻalayh Muḥammad Zāhid ibn al-Ḥasan al-Kawtharī.</subfield>
  </datafield>
  <datafield tag="250" ind1=" " ind2=" ">
    <subfield code="a">[al-Ṭabʻah 2]</subfield>
  </datafield>
  <datafield tag="260" ind1=" " ind2=" ">
    <subfield code="a">Baghdād :</subfield>
    <subfield code="b">Maktabat al-Muthanná,</subfield>
    <subfield code="c">1968.</subfield>
  </datafield>
  <datafield tag="300" ind1=" " ind2=" ">
    <subfield code="a">20, 219 p. ;</subfield>
    <subfield code="c">24 cm.</subfield>
  </datafield>
  <datafield tag="500" ind1=" " ind2=" ">
    <subfield code="a">Title on p. 4 of cover: al-Tanbih w'arrad alà ahl-el-ahwaà w'al-bidaâ [by] Muhamad ben Ahmad ben abdei Rahman el Malti Achafie.</subfield>
  </datafield>
  <datafield tag="500" ind1=" " ind2=" ">
    <subfield code="a">Includes indexes.</subfield>
  </datafield>
  <datafield tag="650" ind1=" " ind2="0">
    <subfield code="a">Islamic sects.</subfield>
  </datafield>
  <datafield tag="700" ind1="1" ind2=" ">
    <subfield code="a">Kawtharī, Muḥammad Zāhid ibn al-Ḥasan.</subfield>
  </datafield>
  <datafield tag="955" ind1=" " ind2=" ">
    <subfield code="b">0026775050</subfield>
    <subfield code="d">glx</subfield>
    <subfield code="e">BP191 .M3 1968</subfield>
  </datafield>
</record>
</collection>